@inproceedings{Toussaint2005TheEA,
    title={The Euclidean Algorithm Generates Traditional Musical Rhythms},
    author={Godfried T. Toussaint},
    year={2005}
}

@article{bjorklund,
    author = {Bjorklund, E},
    year = {2003},
    month = {01},
    pages = {},
    title = {The theory of rep-rate pattern generation in the SNS timing system}
}

@article{Demaine2009TheDG,
    title={The Distance Geometry of Music},
    author={Erik D. Demaine and Francisco Gomez-Martin and Henk Meijer and David Rappaport and Perouz Taslakian and Godfried T. Toussaint and Terry Winograd and David R. Wood},
    journal={Comput. Geom.},
    year={2009},
    volume={42},
    pages={429-454}
}

@misc{midi,
    title = {The Complete MIDI 1.0 Detailed Specification},
    organisation = {The MIDI manufacturers association},
    year = {1996},
    edition = {96.1 Third edition}
}

@misc{HID,
    title = {Device Class Definition for Human Interface Devices (HID)},
    organisation = {USB implementers forum},
    year = {2001}
}
@misc{ENO,
    title = {Computers and musical style},
    author = {David Cope, Univ. of California, Santa Cruz},
    pages = {9},
    year = {1991},
    ISBN = {0-89579-256-7}
}

@misc{website:midiusb,
    author = "The MIDI manufacturers association",
    title = "Basics of USB-MIDI",
    month = "11",
    year = "2017",
    url = "https://www.midi.org/articles/basic-of-usb"
}

@misc{website:esppower,
    title = "ESP8266 Power Consumption",
    month = "11",
    year = "2017",
    url = "http://bbs.espressif.com/viewtopic.php?t=133"
}

@misc{website:rasppower,
    title = "Power consumption of Pi Zero W?",
    month = "11",
    year = "2017",
    url = "https://raspberrypi.stackexchange.com/question/63519/power-consumption-of-pi-zero-w"
}

@misc{website:tcpvsudp,
    title = "TCP vs UDP - Difference and comparison",
    month = "11",
    year = "2017",
    url = "https://www.diffen.com/difference/TCP_vs_UDP"
}

@article{MusicToMyEyes,
    title = "Music to my eyes: Cross-modal interactions in the perception of emotions in musical performance",
    journal = "Cognition",
    volume = "118",
    number = "2",
    pages = "157 - 170",
    year = "2011",
    issn = "0010-0277",
    doi = "https://doi.org/10.1016/j.cognition.2010.11.010",
    url = "http://www.sciencedirect.com/science/article/pii/S0010027710002817",
    author = "Bradley W. Vines and Carol L. Krumhansl and Marcelo M. Wanderley and Ioana M. Dalca and Daniel J. Levitin",
    keywords = "Cross-modal interaction, Multi-sensory integration, Music cognition, Emotion, Performance, Expressivity, Gesture, Non-verbal communication"
}

@misc{MPlecture,
    title = "Design choices for computer instruments and computer compositional tools",
    author = "Miller Puckette",
    year = "2012",
    month = "5",
    url = "https://www.youtube.com/watch?v=ZLACjtOpe0Q"
}

@article{green,
    author = "Green, D. M.",
    journal = "Psychological Review",
    number = "78",
    pages = "540-551",
    year = "1971",
    title = "Temporal auditory acuity"
}

@book{roads,
    author = "Curtis Roads",
    title = "Composing electronic music, a new aesthetic",
    year = "2015",
    publisher = "Oxford Press"
}

@book{parncutt,
author = "PARNCUTT, Richard",
year = "1994",
title = "A Perceptual Model of Pulse Salience and Metrical Accent in Musical Rhythms",
pages = "409–464"
}

@book{psychologyofmusic,
title = "Psychology of music",
year = "2012",
author = "Diana Deutsch"
}

@misc{puckette,
title = "Design choices for computer instruments and computer compositional tools",
author = "Miller Puckette",
howpublished = "CIRMMT Student Symposium and General Assembly 2012 External Keynote Address, University of California, San Diego"
}

@article{linn,
title = "ROGER LINN ON SWING, GROOVE \& THE MAGIC OF THE MPC’S TIMING",
journal = "Attack Magazine",
year = "2013",
month = "7"
}

@techreportr{accent,
title = "The Role of Melodic and Rhythmic Accents in Musical Structure",
author = "Peter Q. Pfordresher",
year = "2003",
month = "5",
institution = "The University of Texas at San Antonio"
}